<record><leader>00000cas a22000007a 4500</leader><controlfield tag="001">28541379</controlfield><controlfield tag="008">930730d18701872mauwr ne      0    0eng d</controlfield><datafield ind1=" " ind2=" " tag="010"><subfield code="a">sn 93062960 </subfield></datafield><datafield ind1=" " ind2=" " tag="040"><subfield code="a">YOX</subfield><subfield code="b">eng</subfield><subfield code="c">YOX</subfield><subfield code="d">MGN</subfield><subfield code="d">NVK</subfield><subfield code="d">OCL</subfield><subfield code="d">OCLCQ</subfield><subfield code="d">KRTAS</subfield><subfield code="d">DLC</subfield><subfield code="d">OCLCF</subfield><subfield code="d">OCLCO</subfield></datafield><datafield ind1="1" ind2=" " tag="029"><subfield code="a">AU@</subfield><subfield code="b">000025876413</subfield></datafield><datafield ind1=" " ind2=" " tag="042"><subfield code="a">msc</subfield></datafield><datafield ind1="0" ind2=" " tag="130"><subfield code="a">Boston recorder (Boston, Mass. : 1870)</subfield></datafield><datafield ind1="0" ind2="4" tag="245"><subfield code="a">The Boston recorder.</subfield></datafield><datafield ind1=" " ind2=" " tag="260"><subfield code="a">Boston [Mass.] :</subfield><subfield code="b">W.L. Greene &amp; Co.</subfield></datafield><datafield ind1=" " ind2=" " tag="300"><subfield code="a">v.</subfield></datafield><datafield ind1=" " ind2=" " tag="310"><subfield code="a">Weekly</subfield></datafield><datafield ind1="0" ind2=" " tag="362"><subfield code="a">Vol. 55, no. 44 (Nov. 4, 1870)-v. 57, no. 44 (Nov. 1, 1872).</subfield></datafield><datafield ind1=" " ind2=" " tag="515"><subfield code="a">Preceded by a sample issue published Oct. 14, 1870, called v. 55, no. 41.</subfield></datafield><datafield ind1=" " ind2=" " tag="500"><subfield code="a">Continues numbering of Boston Recorder (Boston, Mass. : 1858).</subfield></datafield><datafield ind1=" " ind2=" " tag="580"><subfield code="a">Condensed edition of: Congregationalist (Boston, Mass. : 1870).</subfield></datafield><datafield ind1=" " ind2="0" tag="650"><subfield code="a">Congregational churches</subfield><subfield code="z">Massachusetts</subfield><subfield code="v">Newspapers.</subfield></datafield><datafield ind1=" " ind2="0" tag="651"><subfield code="a">Boston (Mass.)</subfield><subfield code="v">Newspapers.</subfield></datafield><datafield ind1=" " ind2="7" tag="655"><subfield code="a">Newspapers.</subfield><subfield code="2">fast</subfield><subfield code="0">(OCoLC)fst01423814</subfield></datafield><datafield ind1=" " ind2="7" tag="650"><subfield code="a">Congregational churches.</subfield><subfield code="2">fast</subfield><subfield code="0">(OCoLC)fst00875181</subfield></datafield><datafield ind1=" " ind2="7" tag="651"><subfield code="a">Massachusetts.</subfield><subfield code="2">fast</subfield><subfield code="0">(OCoLC)fst01204307</subfield></datafield><datafield ind1=" " ind2="7" tag="651"><subfield code="a">Massachusetts</subfield><subfield code="z">Boston.</subfield><subfield code="2">fast</subfield><subfield code="0">(OCoLC)fst01205012</subfield></datafield><datafield ind1=" " ind2=" " tag="752"><subfield code="a">United States</subfield><subfield code="b">Massachusetts</subfield><subfield code="c">Suffolk</subfield><subfield code="d">Boston.</subfield></datafield><datafield ind1="0" ind2="7" tag="780"><subfield code="t">Congregationalist and Boston recorder</subfield><subfield code="w">(DLC)sn 95072054</subfield></datafield><datafield ind1="1" ind2=" " tag="787"><subfield code="t">Congregationalist (Boston, Mass. : 1870)</subfield><subfield code="x">2158-740X</subfield><subfield code="w">(DLC)sn 95072055</subfield><subfield code="w">(OCoLC)7852307</subfield></datafield><datafield ind1=" " ind2=" " tag="938"><subfield code="a">Kirtas Technologies, Inc.</subfield><subfield code="b">KRTS</subfield><subfield code="n">740648</subfield></datafield></record>